@article{Yick2008,
  author = {Jennifer Yick and Biswanath Mukherjee and Dipak Ghosal},
  title = {Wireless sensor network survey},
  journal = {Computer Networks},
  volume = {52},
  number = {12},
  pages = {2292--2330},
  year = {2008},
  month  = {August},
  publisher = {Elsevier},
  doi = {10.1016/j.comnet.2008.04.002},
}
@book{Chai2020,
  author = {Senchun Chai and Zhaoyang Wang and Baihai Zhang and Lingguo Cui and Runqi Chai},
  title = {Wireless Sensor Networks},
  series = {Wireless Networks},
  publisher = {Springer Singapore},
  year = {2020},
  edition = {1},
  isbn = {978-981-15-5756-9},
  doi = {10.1007/978-981-15-5757-6},
}
@article{Ullo2020,
  author = {Ullo, Silvia Liberata and Sinha, G. R.},
  title = {Advances in Smart Environment Monitoring Systems Using IoT and Sensors},
  journal = {Sensors},
  volume = {20},
  year = {2020},
  number = {11},
  articale-number = {3113},
  pubmedid = {32486411},
  issn = {1424-8220},
  doi = {10.3390/s20113113}
}
@article{Prasad2023,
  author = {Rahul Prasad and Rajendra Kumar Baghel},
  title = {Self-detection based fault diagnosis for wireless sensor networks},
  journal = {Ad Hoc Networks},
  volume = {149},
  pages = {103245},
  year = {2023},
  issn = {1570-8705},
  doi = {10.1016/j.adhoc.2023.103245},
}
@article{Shi2024,
  author    = {Ke-Xin Shi and Shi-Ming Li and Guo-Wen Sun and Zhi-Chao Feng and Wei He},
  title     = {A fault diagnosis method for wireless sensor network nodes based on a belief rule base with adaptive attribute weights},
  journal   = {Scientific Reports},
  volume    = {14},
  number    = {1},
  pages     = {4038},
  year      = {2024},
  doi       = {10.1038/s41598-024-54589-6},
}
@article{Saeed2021,
  author = {Umer Saeed and Sana Ullah Jan and Young-Doo Lee and Insoo Koo},
  title = {Fault diagnosis based on extremely randomized trees in wireless sensor networks},
  journal = {Reliability Engineering \& System Safety},
  volume = {205},
  pages = {107284},
  year = {2021},
  issn = {0951-8320},
  doi = {10.1016/j.ress.2020.107284},
}
@inbook{Takele2024,
  author = {Takale, Dattatray and Mahalle, Parikshit and Sule, Bipin},
  title = {Centralized and Distributed Approach: A Comparative Analysis of Fault Diagnosis Approaches in Wireless Sensor Networks},
  publisher = {IGI Global},
  year = {2024},
  month = {07},
  pages = {247-268},
  chapter = {12},
  isbn = {9798369339404},
  doi = {10.4018/979-8-3693-3940-4.ch012}
}
@article{Hussain2021,
  author = {Hussain, Nazish and Kumar, Saravana and Cn, Divyashree},
  title = {MEMS Sensors in IoT Applications},
  journal = {Journal of Control \& Instrumentation},
  year = {2021},
  month = {04},
  pages = {18-22},
  volume = {12}
}
@article{Ni2009,
  author = {Ni, Kevin and Ramanathan, Nithya and Chehade, Mohamed Nabil Hajj and Balzano, Laura and Nair, Sheela and Zahedi, Sadaf and Kohler, Eddie and Pottie, Greg and Hansen, Mark and Srivastava, Mani},
  title = {Sensor network data fault types},
  journal = {ACM Trans. Sen. Netw.},
  year = {2009},
  issue_date = {May 2009},
  publisher = {Association for Computing Machinery},
  volume = {5},
  number = {3},
  issn = {1550-4859},
  doi = {10.1145/1525856.1525863},
  month = jun,
  articleno = {25},
  numpages = {29},
}
@article{Ahmad2024,
  author = {Ahmad, Rami and Alkhammash, Eman H.},
  title = {Online Adaptive Kalman Filtering for Real-Time Anomaly Detection in Wireless Sensor Networks},
  journal = {Sensors},
  volume = {24},
  year = {2024},
  number = {15},
  article-number = {5046},
  pubmedid = {39124095},
  issn = {1424-8220},
  doi = {10.3390/s24155046}
}
@article{Muhammed2017,
  title = {An analysis of fault detection strategies in wireless sensor networks},
  author = {Thaha Muhammed and Riaz Ahmed Shaikh},
  journal = {Journal of Network and Computer Applications},
  volume = {78},
  pages = {267-287},
  year = {2017},
  issn = {1084-8045},
  doi = {https://doi.org/10.1016/j.jnca.2016.10.019},
}
@article{Zhang2018,
  title={A Survey on Fault Diagnosis in Wireless Sensor Networks}, 
  author={Zhang, Zeyu and Mehmood, Amjad and Shu, Lei and Huo, Zhiqiang and Zhang, Yu and Mukherjee, Mithun},
  journal={IEEE Access}, 
  year={2018},
  volume={6},
  pages={11349-11364},
  doi={10.1109/ACCESS.2018.2794519}
}
